@misc{PAPER:1,title={A Modern Primer on Processing in Memory},url={https://arxiv.org/abs/2012.03112}, journal={arXiv.org},author={Mutlu, Onur and Ghose, Saugata and GÃ³mez-Luna, Juan and Ausavarungnirun, Rachata},year={2021}}
